@article{zhang2024,
    author = {Zhang, X. and Wang, L. and Li, Y.},
    title = {Advanced Analysis of Neural Networks},
    journal = {Journal of AI Research},
    year = {2024},
    volume = {15},
    pages = {123--145}
}